<record><leader>00000cas a22000007a 4500</leader><controlfield tag="001">18958681</controlfield><controlfield tag="008">890103d19061969nduwr ne      0    0eng d</controlfield><datafield ind1=" " ind2=" " tag="010"><subfield code="a">sn 88076355 </subfield></datafield><datafield ind1=" " ind2=" " tag="040"><subfield code="a">NOP</subfield><subfield code="b">eng</subfield><subfield code="c">NOP</subfield><subfield code="d">OCLCQ</subfield></datafield><datafield ind1=" " ind2=" " tag="042"><subfield code="a">msc</subfield></datafield><datafield ind1="0" ind2="4" tag="245"><subfield code="a">The McVille journal.</subfield></datafield><datafield ind1=" " ind2=" " tag="260"><subfield code="a">McVille, Nelson County, N.D. :</subfield><subfield code="b">L.L. Lang</subfield></datafield><datafield ind1=" " ind2=" " tag="300"><subfield code="a">v. :</subfield><subfield code="b">ill. ;</subfield><subfield code="c">54 cm.</subfield></datafield><datafield ind1=" " ind2=" " tag="310"><subfield code="a">Weekly</subfield></datafield><datafield ind1="1" ind2=" " tag="362"><subfield code="a">Began June 14, 1906.</subfield></datafield><datafield ind1="0" ind2=" " tag="362"><subfield code="a">-no. 49 (Dec. 4, 1969).</subfield></datafield><datafield ind1=" " ind2=" " tag="500"><subfield code="a">"Official paper of Nelson County."</subfield></datafield><datafield ind1=" " ind2=" " tag="515"><subfield code="a">Suspended publication July 15-Oct. 21, 1943.</subfield></datafield><datafield ind1=" " ind2=" " tag="530"><subfield code="a">Available on microfilm from the State Historical Society of North Dakota.</subfield></datafield><datafield ind1=" " ind2=" " tag="588"><subfield code="a">Description based on: Vol. 1, no. 46 (Apr. 25, 1907).</subfield></datafield><datafield ind1=" " ind2=" " tag="752"><subfield code="a">United States</subfield><subfield code="b">North Dakota</subfield><subfield code="c">Nelson</subfield><subfield code="d">McVille.</subfield></datafield><datafield ind1="0" ind2="4" tag="785"><subfield code="t">Gleaner (Northwood, N.D.)</subfield><subfield code="w">(DLC)sn 88076340</subfield></datafield><datafield ind1="1" ind2=" " tag="029"><subfield code="a">AU@</subfield><subfield code="b">000025837626</subfield></datafield></record>